<?xml version="1.0" encoding="UTF-8" ?>
<collection xmlns:xsi="http://www.w3.org/2001/XMLSchema-instance" xsi:schemaLocation="http://www.loc.gov/MARC21/slim http://www.loc.gov/standards/marcxml/schema/MARC21slim.xsd" xmlns="http://www.loc.gov/MARC21/slim">
   <record>
      <leader>     cam a22      a 4500</leader>
      <controlfield tag="001">6405535</controlfield>
      <controlfield tag="003">NIC</controlfield>
      <controlfield tag="005">20100916114543.0</controlfield>
      <controlfield tag="008">940908s1973    ir       b    000 0 ara d</controlfield>
      <datafield tag="035" ind1=" " ind2=" ">
         <subfield code="a">6405535</subfield>
      </datafield>
      <datafield tag="040" ind1=" " ind2=" ">
         <subfield code="a">HLS</subfield>
         <subfield code="c">HLS</subfield>
         <subfield code="d">NIC</subfield>
      </datafield>
      <datafield tag="035" ind1=" " ind2=" ">
         <subfield code="a">(OCoLC)44808603</subfield>
      </datafield>
      <datafield tag="050" ind1=" " ind2="4">
         <subfield code="a">BP194</subfield>
         <subfield code="b">.J35 1973</subfield>
      </datafield>
      <datafield tag="100" ind1="1" ind2=" ">
         <subfield code="a">Jalālī, Muḥammad Ḥusayn al-Ḥusaynī,</subfield>
         <subfield code="d">1936-1982.</subfield>
      </datafield>
      <datafield tag="245" ind1="1" ind2="3">
         <subfield code="a">al-Uṣūl al-arbaʻmiʾah /</subfield>
         <subfield code="c">Muḥammad Ḥusayn al-Ḥusaynī al-Jalālī.</subfield>
      </datafield>
      <datafield tag="246" ind1="1" ind2="4">
         <subfield code="a">Dirāsah ḥawla al-uṣūl al-arbaʻmiʾah</subfield>
      </datafield>
      <datafield tag="260" ind1=" " ind2=" ">
         <subfield code="a">Ṭihrān :</subfield>
         <subfield code="b">Markaz Intishārāt al-Aʻlāmī,</subfield>
         <subfield code="c">1973</subfield>
         <subfield code="e">(Ṭihrān :</subfield>
         <subfield code="f">Maṭbaʻat al-Shams)</subfield>
      </datafield>
      <datafield tag="300" ind1=" " ind2=" ">
         <subfield code="a">51 p. ;</subfield>
         <subfield code="c">21 cm.</subfield>
      </datafield>
      <datafield tag="440" ind1=" " ind2="0">
         <subfield code="6">880-01</subfield>
         <subfield code="a">Silsilat Iḥyāʾ turāth Ahl al-Bayt ;</subfield>
         <subfield code="v">1</subfield>
      </datafield>
      <datafield tag="504" ind1=" " ind2=" ">
         <subfield code="a">Includes bibliographical references (p. 50-51).</subfield>
      </datafield>
      <datafield tag="650" ind1=" " ind2="0">
         <subfield code="a">Shīʻah</subfield>
         <subfield code="x">Doctrines.</subfield>
      </datafield>
      <datafield tag="752" ind1=" " ind2=" ">
         <subfield code="a">Iran</subfield>
         <subfield code="d">Tehran.</subfield>
      </datafield>
      <datafield tag="948" ind1="0" ind2=" ">
         <subfield code="a">20090106</subfield>
         <subfield code="b">i</subfield>
         <subfield code="d">ah16</subfield>
         <subfield code="e">lts</subfield>
      </datafield>
      <datafield tag="948" ind1="1" ind2=" ">
         <subfield code="a">20090106</subfield>
         <subfield code="b">o</subfield>
         <subfield code="d">ah16</subfield>
         <subfield code="e">lts</subfield>
      </datafield>
      <datafield tag="948" ind1="2" ind2=" ">
         <subfield code="a">20100916</subfield>
         <subfield code="b">m</subfield>
         <subfield code="d">batch</subfield>
         <subfield code="e">lts</subfield>
         <subfield code="x">del9XXtxt</subfield>
      </datafield>
      <datafield tag="995" ind1=" " ind2=" ">
         <subfield code="a">Hivolm</subfield>
         <subfield code="d">20100916</subfield>
      </datafield>
      <datafield tag="903" ind1=" " ind2=" ">
         <subfield code="a">NYUACO</subfield>
         <subfield code="d">20140514</subfield>
         <subfield code="p">31924109363360</subfield>
      </datafield>
      <datafield tag="950" ind1=" " ind2=" ">
         <subfield code="a">BP194</subfield>
         <subfield code="b">.J35 1973</subfield>
         <subfield code="v"> </subfield>
      </datafield>
   </record>
</collection>
